<record><leader>00000cas a22000007a 4500</leader><controlfield tag="001">40194631</controlfield><controlfield tag="007">hd afu---caca</controlfield><controlfield tag="008">981030d18401853gaudn nea     0    0eng  </controlfield><datafield ind1=" " ind2=" " tag="010"><subfield code="a">sn 98053410 </subfield></datafield><datafield ind1=" " ind2=" " tag="040"><subfield code="a">DLC</subfield><subfield code="b">eng</subfield><subfield code="c">HLS</subfield><subfield code="d">OCL</subfield><subfield code="d">OCLCF</subfield><subfield code="d">OCLCO</subfield><subfield code="d">OCLCQ</subfield></datafield><datafield ind1=" " ind2=" " tag="012"><subfield code="i">9810</subfield></datafield><datafield ind1=" " ind2=" " tag="042"><subfield code="a">msc</subfield></datafield><datafield ind1=" " ind2=" " tag="043"><subfield code="a">n-us-ga</subfield></datafield><datafield ind1="0" ind2=" " tag="130"><subfield code="a">Savannah daily republican (Savannah, Ga. : 1840)</subfield></datafield><datafield ind1="1" ind2="0" tag="245"><subfield code="a">Savannah daily republican.</subfield></datafield><datafield ind1="1" ind2="0" tag="246"><subfield code="a">Savannah republican</subfield></datafield><datafield ind1=" " ind2=" " tag="260"><subfield code="a">Savannah, Ga. :</subfield><subfield code="b">Locke &amp; Davis,</subfield><subfield code="c">1840-1853.</subfield></datafield><datafield ind1=" " ind2=" " tag="300"><subfield code="a">volumes</subfield></datafield><datafield ind1=" " ind2=" " tag="310"><subfield code="a">Daily (except Sunday)</subfield></datafield><datafield ind1=" " ind2=" " tag="336"><subfield code="a">text</subfield><subfield code="b">txt</subfield><subfield code="2">rdacontent</subfield></datafield><datafield ind1=" " ind2=" " tag="337"><subfield code="a">microform</subfield><subfield code="b">h</subfield><subfield code="2">rdamedia</subfield></datafield><datafield ind1=" " ind2=" " tag="338"><subfield code="a">microfilm reel</subfield><subfield code="b">hd</subfield><subfield code="2">rdacarrier</subfield></datafield><datafield ind1="0" ind2=" " tag="362"><subfield code="a">Vol. 38, no. 258 (Oct. 26, 1840)-</subfield></datafield><datafield ind1="1" ind2=" " tag="362"><subfield code="a">Ceased on Nov. 15, 1853 with issue vol. 51, no. 259.</subfield></datafield><datafield ind1=" " ind2=" " tag="500"><subfield code="a">Publishers: J.L. Locke &amp; A.K. Moore, &lt;1849-1852&gt;.</subfield></datafield><datafield ind1=" " ind2=" " tag="500"><subfield code="a">Published as: Savannah republican, June 1, 1841-Aug. 25, 1841; Feb. 13, 1844-Feb. 16, 1846.</subfield></datafield><datafield ind1=" " ind2=" " tag="500"><subfield code="a">Editors: Joseph L. Locke &amp; Charles Davis, 1840-&lt;1841&gt;.</subfield></datafield><datafield ind1=" " ind2=" " tag="588"><subfield code="a">Latest issue consulted: Vol. 50, no. 311 (Dec. 31, 1852).</subfield></datafield><datafield ind1=" " ind2=" " tag="533"><subfield code="a">Microfilm.</subfield><subfield code="b">Athens, GA :</subfield><subfield code="c">University of Georgia Libraries,</subfield><subfield code="d">1978.</subfield><subfield code="e">microfilm reels ; 35 mm.</subfield></datafield><datafield ind1=" " ind2="0" tag="651"><subfield code="a">Savannah (Ga.)</subfield><subfield code="v">Newspapers.</subfield></datafield><datafield ind1=" " ind2="0" tag="651"><subfield code="a">Chatham County (Ga.)</subfield><subfield code="v">Newspapers.</subfield></datafield><datafield ind1=" " ind2="7" tag="651"><subfield code="a">Georgia</subfield><subfield code="z">Chatham County.</subfield><subfield code="2">fast</subfield><subfield code="0">(OCoLC)fst01207617</subfield></datafield><datafield ind1=" " ind2="7" tag="651"><subfield code="a">Georgia</subfield><subfield code="z">Savannah.</subfield><subfield code="2">fast</subfield><subfield code="0">(OCoLC)fst01207319</subfield></datafield><datafield ind1=" " ind2="7" tag="655"><subfield code="a">Newspapers.</subfield><subfield code="2">fast</subfield><subfield code="0">(OCoLC)fst01423814</subfield></datafield><datafield ind1=" " ind2=" " tag="752"><subfield code="a">United States</subfield><subfield code="b">Georgia</subfield><subfield code="c">Chatham</subfield><subfield code="d">Savannah.</subfield></datafield><datafield ind1="0" ind2=" " tag="775"><subfield code="t">Savannah weekly republican</subfield><subfield code="w">(DLC)sn 85038498</subfield></datafield><datafield ind1="0" ind2=" " tag="775"><subfield code="t">Savannah republican (Savannah, Ga. : 1817 : Triweekly)</subfield><subfield code="w">(DLC)sn 86053276</subfield><subfield code="w">(OCoLC)13415822</subfield></datafield><datafield ind1="0" ind2="0" tag="780"><subfield code="t">Daily republican (Savannah, Ga. : 1839)</subfield><subfield code="w">(DLC)sn 98053409</subfield><subfield code="w">(OCoLC)40194585</subfield></datafield><datafield ind1="0" ind2="0" tag="785"><subfield code="t">Savannah republican (Savannah, Ga. : 1853)</subfield><subfield code="w">(DLC)sn 87062329</subfield><subfield code="w">(OCoLC)16581704</subfield></datafield><datafield ind1=" " ind2=" " tag="850"><subfield code="a">MH</subfield></datafield><datafield ind1="1" ind2=" " tag="029"><subfield code="a">AU@</subfield><subfield code="b">000020133817</subfield></datafield></record>